@inproceedings{spark,
  title="{Resilient Distributed Datasets: A Fault-Tolerant Abstraction for In-Memory Cluster Computing}",
author="{M. Zaharia, M. Chowdhury, T. Das, A. Dave, J. Ma, M. McCauley, M.J. Franklin, S. Shenker, and I. Stoica}",
booktitle={USENIX NSDI},
year=2012
}
